@article{yao13,
  author    = {Luis Barba and
               Prosenjit Bose and
               Mirela Damian and
               Rolf Fagerberg and
               Joseph O'Rourke and
               Andr{\'{e}} van Renssen and
               Perouz Taslakian and
               Sander Verdonschot},
  title     = {New and Improved Spanning Ratios for Yao Graphs},
  journal   = {CoRR},
  volume    = {abs/1307.5829},
  year      = {2013},
  url       = {http://arxiv.org/abs/1307.5829},
  timestamp = {Thu, 15 Aug 2013 15:30:56 +0200},
  biburl    = {http://dblp.uni-trier.de/rec/bib/journals/corr/BarbaBDFORTV13},
  bibsource = {dblp computer science bibliography, http://dblp.org}
}

